  @book{Knoll2010,
    title    =    {Radiation Detection and Measurement},
    author      =   {Glenn F. Knoll},
    isbn      =    {9780470131480},
    year       =   {2010},
    publisher =      {Wiley}
  }

  @book{Knoll2010_P767,
    title    =    {Radiation Detection and Measurement},
    author      =   {Glenn F. Knoll},
    isbn      =    {9780470131480},
    year       =   {2010},
    page       =    {767},
    publisher =      {Wiley}
  }

  @book{introductoryNuclearPhysics,
    author      =    {Kenneth S. Krane},
    title    =    {Introductory Nuclear Physics},
    isbn      =     {0-471-80553-X},
    year       =    {1988},
    publisher =       {John Wiley and Son}
  }

  @online{nndc,
    author   = {{NNDC} National Nuclear Data Center},
    title  = "Am-241 Data",
    url    = "https://www.nndc.bnl.gov/chart/decaysearchdirect.jsp?nuc=241AM&
  unc=nds"
  }

  @online{iaea,
   author = {{IAEA}},
      title = "ENDF/B-VII.1 library",
      url = "https://www-nds.iaea.org/exfor/endf.htm"
  }

  @book{mathematicalMethods,
    title={Mathematical Methods for Physics and Engineering},
    author={K.F. Riley and M.P. Hobson and S.J. Bence},
    isbn={0521890675},
    year={2002},
    publisher={Cambridge University Press},
    keywords = {Mathematics}
  }

  @book{mathematicalMethods_P864,
    title={Mathematical Methods for Physics and Engineering},
    author={K.F. Riley and M.P. Hobson and S.J. Bence},
    isbn={0521890675},
    page={864},
    year={2002},
    publisher={Cambridge University Press},
    keywords = {Mathematics}
  }

  @article{KLIX20112322,
  title = "Test facility for a neutron flux spectrometer system based on the foil activation
  technique for neutronics experiments with the ITER TBM",
  journal = "Fusion Engineering and Design",
  volume = "86",
  number = "9",
  pages = "2322 - 2325",
  year = "2011",
  note = "Proceedings of the 26th Symposium of Fusion Technology (SOFT-26)",
  issn = "0920-3796",
  doi = "http://dx.doi.org/10.1016/j.fusengdes.2011.02.090",
  url = "http://www.sciencedirect.com/science/article/pii/S0920379611002602",
  author = "A. Klix and A. Domula and U. Fischer and D. Gehre and P. Pereslavtsev and I.
  Rovni",
  keywords = "TBM",
  keywords = "Neutron generator",
  keywords = "Activation foil spectrometer",
  keywords = "Multi-foil"
  }

  @article{5_channel_simple,
  author = { Shigetaka Maeda and Tetsuo Iguchi },
  title = {A new unfolding code combining maximum entropy and maximum likelihood for
  neutron spectrum measurement},
  journal = {Journal of Nuclear Science and Technology},
  volume = {50},
  number = {4},
  pages = {381-386},
  year = {2013},
  doi = {10.1080/00223131.2013.773162},
  URL = {http://dx.doi.org/10.1080/00223131.2013.773162},
  eprint = {http://dx.doi.org/10.1080/00223131.2013.773162}
  }

  @article{maeda2011fundamental,
    title={Fundamental study on neutron spectrum unfolding using maximum entropy and
  maximum likelihood method},
    author={Maeda, Shigetaka and TOMITA, Hideki and KAWARABAYASHI, Jun and
  IGUCHI, Tetsuo},
    journal = {Nuclear Science and Technology},
    year = {2011},
    volume = {1},
    pages = {233-236}
  }

  @online{AtomsForPeace_ITER,
    author = {Sabina Griffith},
    title = {Two weeks in September, 1958: Atoms for Peace conference in Geneva},
    year = 2008,
    url = {https://www.iter.org/newsline/47/680},
    urldate = {25/08/2017}
  }

  @online{KeyWorldEnergyStatistics_IEA,
    author = {IEA},
    title = {Key World Energy Statistics},
    year = 2016,
    page = {6},
    url = {https://www.iea.org/publications/freepublications/publication/KeyWorld2016.pdf},
    urldate = {25/08/2017}
  }

  @book {FusionAnIntro_Stacey,
  title = {Fusion: An Introduction to the Physics and Technology of Magnetic Confinement
  Fusion},
  author = {Stacey, Weston M.},
  publisher = {Wiley-VCH Verlag GmbH & Co. KGaA},
  isbn = {9783527629312},
  url = {http://dx.doi.org/10.1002/9783527629312.ch1},
  doi = {10.1002/9783527629312.ch1},
  keywords = {fusion reactions, confinement, feasibility},
  booktitle = {Fusion},
  year = {2010},
  }

  @book {ControlledThermonuclearFusion,
  title = {Controlled Thermonuclear Fusion},
  author = {Jean Louis Bobin},
  publisher = {World Scientific},
  keywords = {fusion reactions, confinement},
  year = {2014}
  }

  @article{DTCrossSectionsAtLowEnergies,
    title={LA-5828-MS: The T(d,n) 4He and T(t,2n) Cross Sections at Low Energies},
    author={Leona Stewart and Gerald M. Hale},
    journal = {Los Alamos Scientific Laboratory - informal report},
    year = {1975}
  }

  @article{Keefe_InertialConfinementFusion,
  author = { D Keefe },
  title = {Inertial Confinement Fusion},
  journal = {Annual Review of Nuclear and Particle Science},
  volume = {32},
  number = {1},
  pages = {391-441},
  year = {1982},
  doi = {10.1146/annurev.ns.32.120182.002135},
  URL = {https://doi.org/10.1146/annurev.ns.32.120182.002135},
  eprint = {https://doi.org/10.1146/annurev.ns.32.120182.002135}
  }

  @online{euroFusion_jet_photos,
    author = {{euro-fusion.org}},
    title = {Joint European Torus},
    year = 2017,
    url = {https://www.euro-fusion.org/tag/jet/},
    urldate = {02/09/2017}
  }

  @article{PROUST199173,
  title = "Solid breeder blanket design and tritium breeding",
  journal = "Fusion Engineering and Design",
  volume = "16",
  number = "",
  pages = "73 - 84",
  year = "1991",
  note = "",
  issn = "0920-3796",
  doi = "http://dx.doi.org/10.1016/0920-3796(91)90184-R",
  url = "http://www.sciencedirect.com/science/article/pii/092037969190184R",
  author = "E. Proust and L. Anzidei and M. Dalle Donne and U. Fischer and T. Kuroda",
  }

  @article{PhysicsOfHighPerformaceJetPlasma,
   author={JET Team (prepared by M.L. Watkins)},
      title={Physics of high performance JET plasmas in DT},
      journal={Nuclear Fusion},
      volume={39},
      number={9Y},
      pages={1227},
      url={http://stacks.iop.org/0029-5515/39/i=9Y/a=302},
      year={1999}
  }

  @book{Darwin,
  title = {On the origin of species by means of natural selection, or, The preservation of
  favoured races in the struggle for life},
  publisher = {London :John Murray},
  author = {Darwin, Charles},
  year = {1859},
  page = {61},
  keywords = {Evolution (Biology)|Natural selection|},
  }

  @article{Darwin_Wallace,
  author = {Darwin, Charles and Wallace, Alfred},
  title = {On the Tendency of Species to form Varieties; and on the Perpetuation of Varieties
  and Species by Natural Means of Selection},
  journal = {Zoological Journal of the Linnean Society},
  volume = {3},
  number = {9},
  pages = {45-62},
  year = {1858},
  doi = {10.1111/j.1096-3642.1858.tb02500.x},
  URL = { + http://dx.doi.org/10.1111/j.1096-3642.1858.tb02500.x}
  }


  @book{Darwin_DescentOfMan,
  title = {The Descent of Man, and Selection in Relation to Sex},
  publisher = {London :John Murray},
  author = {Darwin, Charles},
  year = {1871}
  }

  @book{Darwin_DescentOfMan_P257,
  title = {The Descent of Man, and Selection in Relation to Sex},
  publisher = {London :John Murray},
  author = {Darwin, Charles},
  page = {257},
  year = {1871}
  }

  @article{MersenneTwister,
  author = {Matsumoto, Makoto and Nishimura, Takuji},
  title = {Mersenne Twister: A 623-dimensionally Equidistributed Uniform Pseudo-random
  Number Generator},
  journal = {ACM Trans. Model. Comput. Simul.},
  issue_date = {Jan. 1998},
  volume = {8},
  number = {1},
  month = jan,
  year = {1998},
  issn = {1049-3301},
  pages = {3--30},
  numpages = {28},
  url = {http://doi.acm.org/10.1145/272991.272995},
  doi = {10.1145/272991.272995},
  acmid = {272995},
  publisher = {ACM},
  address = {New York, NY, USA},
  keywords = {k-distribution, m-sequences, GFSR, MT19937, Mersenne primes, Mersenne
  twister, TGFSR, finite fields, incomplete array, inversive-decimation method, multiple-
  recursive matrix method, primitive polynomials, random number generation, tempering}
  }


  @article{VERDI_intermediate_report,
  title = "Intermediate Report (WP4):
  Neutronics Calculations focused on
  the FNG test experiment.",
  journal = "CCFE and EUROFusion publication",
  volume = "WP4",
  year = "2017"
  }

  @online{FISPACT,
    author = {{Culham Centre for Fusion Energy}},
    title = {UKAEA: FISTACT-II},
    year = 2017,
    url = {http://www.ccfe.ac.uk/fispact.aspx},
    urldate = {06/09/2017}
  }

  @online{UKAEA_reference_spectra,
    author = {{UKAEA}},
    title = {UKAEA: FISTACT-II reference spectra},
    year = 2017,
    url = {https://fispact.ukaea.uk/wiki/Reference_input_spectra},
    urldate = {10/08/2017}
  }

  @phdthesis{DeJong_1975_optimisation,
  author = {De Jong, Kenneth Alan},
  title = {An Analysis of the Behavior of a Class of Genetic Adaptive Systems.},
  year = {1975},
  note = {AAI7609381},
  publisher = {University of Michigan},
  address = {Ann Arbor, MI, USA}
  }

  @article{Grefenstette_optimisation,
  author = {Grefenstette, John},
  year = {1986},
  month = {02},
  pages = {122 - 128},
  title = {Grefenstette, J.J.: Optimization of control parameters for genetic algorithms. IEEE
  Trans. Syst. Man Cybern. 16(1), 122-128},
  volume = {16},
  booktitle = {Systems, Man and Cybernetics, IEEE Transactions on}
  }

  @INPROCEEDINGS{Bramlette1991,
  AUTHOR = {Mark F. Bramlette},
  TITLE = {Initialization, Mutation and Selection Methods in
        Genetic Algorithms for Function Optimization},
  PAGES = {100--107},
  }

  @inproceedings{Schaffer_et_al_1989,
  author = {Schaffer, J. David and Caruana, Rich and Eshelman, Larry J. and Das,
  Rajarshi},
  title = {A Study of Control Parameters Affecting Online Performance of Genetic Algorithms
  for Function Optimization},
  booktitle = {Proceedings of the 3rd International Conference on Genetic Algorithms},
  year = {1989},
  isbn = {1-55860-066-3},
  pages = {51--60},
  numpages = {10},
  url = {http://dl.acm.org/citation.cfm?id=645512.657403},
  acmid = {657403},
  publisher = {Morgan Kaufmann Publishers Inc.},
  address = {San Francisco, CA, USA},
  }

  @inproceedings{Goldberg_1989Population_size,
  author = {Goldberg, David E.},
  title = {Sizing Populations for Serial and Parallel Genetic Algorithms},
  booktitle = {Proceedings of the 3rd International Conference on Genetic Algorithms},
  year = {1989},
  isbn = {1-55860-066-3},
  pages = {70--79},
  numpages = {10},
  url = {http://dl.acm.org/citation.cfm?id=645512.657266},
  acmid = {657266},
  publisher = {Morgan Kaufmann Publishers Inc.},
  address = {San Francisco, CA, USA},
  }

  @article{REGINATTO_MAXED_uncertainty,
  title = "Spectrum unfolding, sensitivity analysis and propagation of uncertainties with the
  maximum entropy deconvolution code MAXED",
  journal = "Nuclear Instruments and Methods in Physics Research Section A: Accelerators,
  Spectrometers, Detectors and Associated Equipment",
  volume = "476",
  number = "1",
  pages = "242 - 246",
  year = "2002",
  note = "Int. Workshop on Neutron Field Spectrometry in Science, Technolog y and
  Radiation Protection",
  issn = "0168-9002",
  doi = "https://doi.org/10.1016/S0168-9002(01)01439-5",
  url = "http://www.sciencedirect.com/science/article/pii/S0168900201014395",
  author = "Marcel Reginatto and Paul Goldhagen and Sonja Neumann",
  keywords = "Neutron spectrometry",
  keywords = "Unfolding",
  keywords = "Deconvolution",
  keywords = "Maximum entropy"
  }

  @article{REGINATTO_MAXED_general,
  title = "MAXED, a computer code for maximum entropy deconvolution of multisphere
  neutron spectrometer data",
  author = "M. Reginatto and P. Goldhagen",
  journal = "Health Phys.",
  volume = "77",
  number = "5",
  pages = "579-83",
  year = "1999"
  }

  @article{Lowry_BUNKI,
  title = "Modifications to Iterative Recursion Unfolding Algorithms and Computer Codes to
  Find More Appropriate Neutron Spectra",
  journal = "NAVAL RESEARCH LAB WASHINGTON DC",
  year = "1984"
  }

  @article{Lindemann_Monte_carlo_unfolding,
  title = "Unfolding by weighting Monte Carlo events",
  author = "L. Lindemann and G. Zech",
  journal = "Nucl. Instrum, Methods. Phys. Res. A",
  volume = "345",
  pages = "516-521",
  year = "1995"
  }

  @article{Matzke_least_squares,
  author = {Matzke, M.},
  title = {Unfolding procedures},
  journal = {Radiation Protection Dosimetry},
  volume = {107},
  number = {1-3},
  pages = {155-174},
  year = {2003},
  doi = {10.1093/oxfordjournals.rpd.a006384},
  URL = { + http://dx.doi.org/10.1093/oxfordjournals.rpd.a006384},
  eprint = {/oup/backfile/content_public/journal/rpd/107/1-3/10.1093
  /oxfordjournals.rpd.a006384/2/1070155.pdf}
  }

  @article{Esposito_BUNKI,
  author = {Esposito, Adolfo and Nandy, Maitreyee},
  title = {Measurement and unfolding of neutron spectra using Bonner spheres},
  journal = {Radiation Protection Dosimetry},
  volume = {110},
  number = {1-4},
  pages = {555-558},
  year = {2004},
  doi = {10.1093/rpd/nch385},
  URL = { + http://dx.doi.org/10.1093/rpd/nch385},
  eprint = {/oup/backfile/content_public/journal/rpd/110/1-4/10.1093/rpd/nch385
  /2/nch385.pdf}
  }

  @article{Sandberg_,
  author = {Routti, J.T. and Sandberg, J.V.},
  title = {Unfolding Activiation and Multisphere Detector Data},
  journal = {Radiation Protection Dosimetry},
  volume = {10},
  number = {1-4},
  pages = {103-110},
  year = {1985},
  doi = {10.1093/oxfordjournals.rpd.a079414},
  URL = { + http://dx.doi.org/10.1093/oxfordjournals.rpd.a079414},
  eprint = {/oup/backfile/content_public/journal/rpd/10
  /1-4/10.1093_oxfordjournals.rpd.a079414/1/103.pdf}
  }

  @article{SANTOS201281,
  title = "Unfolding neutron spectra obtained from BS–TLD system using genetic algorithm",
  journal = "Applied Radiation and Isotopes",
  volume = "71",
  number = "Supplement ",
  pages = "81 - 86",
   year = "2012",
   note = "XII International Symposium on Solid State Dosimetry",
   issn = "0969-8043",
   doi = "https://doi.org/10.1016/j.apradiso.2012.06.031",
   url = "http://www.sciencedirect.com/science/article/pii/S096980431200396X",
   author = "J.A.L. Santos and E.R. Silva and T.A.E Ferreira and E.C. Vilela",
   keywords = "Neutron spectrometry",
   keywords = "Thermoluminescent dosimetry",
   keywords = "Genetic algorithm"
   }

   @article{VEGACARRILLO2006425,
   title = "Neutron spectrometry using artificial neural networks",
   journal = "Radiation Measurements",
   volume = "41",
   number = "4",
   pages = "425 - 431",
   year = "2006",
   issn = "1350-4487",
   doi = "https://doi.org/10.1016/j.radmeas.2005.10.003",
   url = "http://www.sciencedirect.com/science/article/pii/S1350448705002751",
   author = "Héctor René Vega-Carrillo and Víctor Martín Hernández-Dávila and Eduardo
   Manzanares-Acuña and Gema A. Mercado Sánchez and Maria Pilar Iñiguez de la Torre
   and Raquel Barquero and Francisco Palacios and Roberto Méndez Villafañe and Tarcicio
   Arteaga Arteaga and José Manuel Ortiz Rodriguez",
   keywords = "Artificial neural networks",
   keywords = "Unfolding",
   keywords = "MCNP"
   }

   @article{1748-0221-11-11-P11005,
     author={M.C. Chu and K.Y. Fung and T. Kwok and J.K.C. Leung and Y.C. Lin and H. Liu
   and K.B. Luk and H.Y. Ngai and C.S.J. Pun and H.L.H. Wong},
     title={Development of a Bonner Sphere neutron spectrometer from a commercial neutron
   dosimeter},
     journal={Journal of Instrumentation},
     volume={11},
     number={11},
     pages={P11005},
     url={http://stacks.iop.org/1748-0221/11/i=11/a=P11005},
     year={2016}
   }


   @article{Shin_error_propogation_methods,
   author = {Kazuo Shin and Yoshitomo Uwamino and Tomonori Hyodo},
   title = {Propagation of Errors from Response Functions to Unfolded Spectrum},
   journal = {Nuclear Technology},
   volume = {53},
   number = {1},
   pages = {78-85},
   year = {1981},
   publisher = {Taylor & Francis},
   doi = {10.13182/NT81-A17059},
   URL = {http://dx.doi.org/10.13182/NT81-A17059}
   }

@article{MATZKE_prop_of_uncertainties,
title = "Propagation of uncertainties in unfolding procedures",
journal = "Nuclear Instruments and Methods in Physics Research Section A: Accelerators,
Spectrometers, Detectors and Associated Equipment",
volume = "476",
number = "1",
pages = "230 - 241",
year = "2002",
issn = "0168-9002",
doi = "https://doi.org/10.1016/S0168-9002(01)01438-3",
url = "http://www.sciencedirect.com/science/article/pii/S0168900201014383",
author = "Manfred Matzke"
}

   @article{AVDIC_neutral_networks_bayesian,
   title = "Detector response unfolding using artificial neural networks",
   journal = "Nuclear Instruments and Methods in Physics Research Section A: Accelerators,
   Spectrometers, Detectors and Associated Equipment",
   volume = "565",
   number = "2",
   pages = "742 - 752",
   year = "2006",
   issn = "0168-9002",
   doi = "https://doi.org/10.1016/j.nima.2006.06.023",
   url = "http://www.sciencedirect.com/science/article/pii/S016890020601151X",
   author = "Senada Avdic and Sara A. Pozzi and Vladimir Protopopescu",
   keywords = "Neutron spectra",
   keywords = "Scintillation detector",
   keywords = "Neural networks",
   keywords = "Identification and unfolding",
   keywords = "Nuclear nonproliferation and safeguards"
   }

   @INPROCEEDINGS{Back_selection_pressure,
   author={T. Back},
   booktitle={Proceedings of the First IEEE Conference on Evolutionary Computation. IEEE
   World Congress on Computational Intelligence},
   title={Selective pressure in evolutionary algorithms: a characterization of selection
   mechanisms},
   year={1994},
   pages={57-62},
   volume={1},
   doi={10.1109/ICEC.1994.350042}
   }

   @article{Goldberg_selection_pressure,
   title = "Detector response unfolding using artificial neural networks",
   journal = "Foundations of Genetic Algorithms (FOGA 1)",
   year = "1991",
   author = "D. Goldberg and K. Deb",
   }
